@book{Keynes1921,
  title={A {T}reatise on {P}robability},
  author={Keynes, John Maynard},
  year={1921},
  publisher={Macmillan and Company, limited}
}
@inproceedings{DeFinetti1931,
  title={Funzione caratteristica di un fenomeno aleatorio},
  author={De Finetti, Bruno},
  booktitle={Atti della R Academia Nazionale dei Lincei},
  volume={4},
  pages={251--299},
  year={1931}
}
@inproceedings{Haldane1932,
  title={A note on inverse probability},
  author={Haldane, John Burdon Sanderson},
  booktitle={Mathematical Proceedings of the Cambridge Philosophical Society},
  volume={28},
  number={1},
  pages={55--61},
  year={1932},
  organization={Cambridge University Press}
}
@article{Jeffreys1946,
  title={An invariant form for the prior probability in estimation problems},
  author={Jeffreys, Harold},
  journal={Proceedings of the Royal Society of London. Series A. Mathematical and Physical Sciences},
  volume={186},
  number={1007},
  pages={453--461},
  year={1946},
  publisher={The Royal Society London}
}
@article{Kolmogorov1950,
  title={Foundations of the theory of probability},
  author={Kolmogorov, AndreiÌ† Nikolaevich and others},
  year={1950},
  publisher={Chelsea Pub. Co.}
}
@article{Birnbaum1962,
  title={On the foundations of statistical inference},
  author={Birnbaum, Allan},
  journal={Journal of the American Statistical Association},
  volume={57},
  number={298},
  pages={269--306},
  year={1962},
  publisher={Taylor \& Francis}
}
@article{Bernardo1979,
  title={Reference posterior distributions for Bayesian inference},
  author={Bernardo, Jose M},
  journal={Journal of the Royal Statistical Society: Series B (Methodological)},
  volume={41},
  number={2},
  pages={113--128},
  year={1979},
  publisher={Wiley Online Library}
}
@article{Diaconis1979,
  title={Conjugate priors for exponential families},
  author={Diaconis, Persi and Ylvisaker, Donald},
  journal={The Annals of Statistics},
  pages={269--281},
  year={1979},
  publisher={JSTOR}
}
@article{Diaconis1980,
  title={Finite exchangeable sequences},
  author={Diaconis, Persi and Freedman, David},
  journal={The Annals of Probability},
  pages={745--764},
  year={1980},
  publisher={JSTOR}
}
@book{Bernardo2000,
  title={Bayesian {T}heory},
  author={Bernardo, Jos{\'e} M and Smith, Adrian FM},
  year={2000},
  publisher={John Wiley \& Sons}
}
@book{Robert2007,
  title={The {B}ayesian choice: from decision-theoretic foundations to computational implementation},
  author={Robert, Christian},
  year={2007},
  publisher={Springer Science \& Business Media}
}
@book{Hoff2009,
  title={A first course in {B}ayesian statistical methods},
  author={Hoff, Peter D},
  volume={580},
  year={2009},
  publisher={Springer}
}
@book{DeGroot2012,
  title={Probability and {S}tatistics},
  author={DeGroot, Morris H and Schervish, Mark J},
  year={2012},
  publisher={Pearson Education}
}
@book{Schervish2012,
  title={Theory of {S}tatistics},
  author={Schervish, Mark J},
  year={2012},
  publisher={Springer Science \& Business Media}
}
@article{Seaman2012,
  title={Hidden dangers of specifying noninformative priors},
  author={Seaman III, John W and Seaman Jr, John W and Stamey, James D},
  journal={The American Statistician},
  volume={66},
  number={2},
  pages={77--84},
  year={2012},
  publisher={Taylor \& Francis}
}
@article{Gelman2017,
  title={The prior can often only be understood in the context of the likelihood},
  author={Gelman, Andrew and Simpson, Daniel and Betancourt, Michael},
  journal={Entropy},
  volume={19},
  number={10},
  pages={555},
  year={2017},
  publisher={Multidisciplinary Digital Publishing Institute}
}
@article{Simpson2017,
  title={Penalising model component complexity: A principled, practical approach to constructing priors},
  author={Simpson, Daniel and Rue, H{\aa}vard and Riebler, Andrea and Martins, Thiago G and S{\o}rbye, Sigrunn H},
  journal={Statistical science},
  pages={1--28},
  year={2017},
  publisher={JSTOR}
}
@article{Goncalves2019,
  title={On the definition of likelihood function},
  author={Gon{\c{c}}alves, Fl{\'a}vio B and Franklin, Pedro},
  journal={arXiv preprint arXiv:1906.10733},
  year={2019}
}
