@article{Bayes1763,
  author = {Bayes, T.},
  journal = {Phil. Trans. of the Royal Soc. of London},
  pages = {370--418},
  title = {An essay towards solving a problem in the doctrine of chances},
  volume = 53,
  year = 1763
}
@article{Koopman1936,
  title={On distributions admitting a sufficient statistic},
  author={Koopman, Bernard Osgood},
  journal={Transactions of the American Mathematical society},
  volume={39},
  number={3},
  pages={399--409},
  year={1936},
  publisher={JSTOR}
}
@article{Edwards1978,
  title={Commentary on the arguments of {T}homas {B}ayes},
  author={Edwards, AWF},
  journal={Scandinavian Journal of Statistics},
  pages={116--118},
  year={1978},
  publisher={JSTOR}
}
@article{Diaconis1979,
  title={Conjugate priors for exponential families},
  author={Diaconis, Persi and Ylvisaker, Donald and others},
  journal={The {A}nnals of {S}tatistics},
  volume={7},
  number={2},
  pages={269--281},
  year={1979},
  publisher={Institute of Mathematical Statistics}
}
@book{Robert2007,
  title={The {B}ayesian choice: from decision-theoretic foundations to computational implementation},
  author={Robert, Christian},
  year={2007},
  publisher={Springer Science \& Business Media}
}
