@article{Bayes1763,
  author = {Bayes, T.},
  journal = {Phil. Trans. of the Royal Soc. of London},
  pages = {370--418},
  title = {An essay towards solving a problem in the doctrine of chances},
  volume = 53,
  year = 1763
}
@article{Edwards1978,
  title={Commentary on the arguments of {T}homas {B}ayes},
  author={Edwards, AWF},
  journal={Scandinavian Journal of Statistics},
  pages={116--118},
  year={1978},
  publisher={JSTOR}
}
@book{Robert2007,
  title={The {B}ayesian choice: from decision-theoretic foundations to computational implementation},
  author={Robert, Christian},
  year={2007},
  publisher={Springer Science \& Business Media}
}
